@article{Matsunaga2019,
  author = {Daiki Matsunaga and Toyotaro Suzumura and Toshihiro Takahashi},
  title = {Exploring Graph Neural Networks for Stock Market Predictions with Rolling Window Analysis},
  journal = {CoRR},
  volume = {abs/1909.10660},
  year = {2019}
}

@article{Shen2020,
  author = {Jingyi Shen and M Omair Shafiq},
  title = {Short-term stock market price trend prediction using a comprehensive deep learning system},
  journal = {Journal of Big Data},
  volume = {7},
  number = {66},
  year = {2020}
}

@inproceedings{Li2018,
  author = {Hao Li and Yanyan Shen and Yanmin Zhu},
  title = {Stock Price Prediction Using Attention-based Multi-Input LSTM},
  booktitle = {Proceedings of The 10th Asian Conference on Machine Learning},
  pages = {454--469},
  year = {2018},
  editor = {Zhu, Jun and Takeuchi, Ichiro},
  volume = {95},
  series = {Proceedings of Machine Learning Research},
  month = {14--16 Nov},
  publisher = {PMLR}
}

@inproceedings{Selvin2017,
  author = {Sreelekshmy Selvin and R Vinayakumar and E. A Gopalakrishnan and Vijay Krishna Menon and K. P. Soman},
  booktitle = {2017 International Conference on Advances in Computing, Communications and Informatics (ICACCI)}, 
  title = {Stock price prediction using LSTM, RNN and CNN-sliding window model}, 
  year = {2017},
  pages = {1643-1647},
  doi = {10.1109/ICACCI.2017.8126078}
}

@inproceedings{Sun2020,
  author = {Jifeng Sun and Jianwu Lin and Yi Zhou},
  booktitle = {2020 IEEE 18th International Conference on Industrial Informatics (INDIN)}, 
  title = {Multi-Channel Temporal Graph Convolutional Network for Stock Return Prediction}, 
  year = {2020},
  volume = {1},
  pages = {423-428},
  doi = {10.1109/INDIN45582.2020.9442196}
}

@article{10.1145/3309547,
author = {Fuli Feng and Xiangnan He and Xiang Wang and Cheng Luo and Yiqun Liu and Tat-Seng Chua},
title = {Temporal Relational Ranking for Stock Prediction},
year = {2019},
publisher = {Association for Computing Machinery},
address = {New York, NY, USA},
volume = {37},
number = {2},
doi = {10.1145/3309547}
}

@mastersthesis{Peng2021,
  author = {Shuyi Peng},
  title = {Stock Forecasting using Neural Network with Graphs},
  school = {University of York},
  month = {May},
  year = {2021},
  address = {York, England}
}